@article{breiman2001random,
  title={Random forests},
  author={Breiman, Leo},
  journal={Machine learning},
  volume={45},
  number={1},
  pages={5--32},
  year={2001},
  publisher={Springer}
}

@online{BCSCodeOfConduct,
author = {The Chartered Institute for IT},
title = {BCS Code of Conduct},
year = {2016},
url = {http://www.bcs.org/category/6030},
urldate = {2016-03-29},
OPTsubtitle = {•},
OPTtitleaddon = {•},
OPTlanguage = {•},
OPTversion = {•},
OPTnote = {•},
OPTorganization = {•},
OPTdate = {•},
OPTmonth = {•},
OPTaddendum = {•},
OPTpubstate = {•},
OPTurldate = {•},
note = {}
}